@article{margolis2017simupy,
  title={{SimuPy}: A {Python} framework for modeling and simulating dynamical systems},
  author={Margolis, Benjamin WL},
  journal={J. Open Source Software},
  volume={2},
  number={17},
  pages={396},
  year={2017},
  doi={10.21105/joss.00396},
}

@Misc{scipy,
  title={{SciPy}: Open source scientific tools for {Python}},
  author={Eric Jones and Travis Oliphant and Pearu Peterson and others},
  year={2001--},
  url="http://www.scipy.org/",
  note={[Online; accessed 9/1/2019]}
}

@article{van2011numpy,
  title={The {NumPy} array: a structure for efficient numerical computation},
  author={Van Der Walt, Stefan and Colbert, S Chris and Varoquaux, Gael},
  journal={Computing in Science \& Engineering},
  volume={13},
  number={2},
  pages={22},
  year={2011},
  publisher={IEEE Computer Society},
  doi={10.1109/mcse.2011.37},
}

@article{behnel2011cython,
  title={{Cython}: The best of both worlds},
  author={Behnel, Stefan and Bradshaw, Robert and Citro, Craig and Dalcin, Lisandro and Seljebotn, Dag Sverre and Smith, Kurt},
  journal={Computing in Science \& Engineering},
  volume={13},
  number={2},
  pages={31},
  year={2011},
  publisher={IEEE Computer Society},
  doi={10.1109/mcse.2010.118}
}

@book{dierckx1995curve,
  title={Curve and surface fitting with splines},
  author={Dierckx, Paul},
  year={1995},
  publisher={Oxford University Press}
}

@book{de1990spline,
  title={Spline Toolbox: for Use with {MATLAB}: User's Guide, March 30, 1990},
  author={De Boor, Carl},
  year={1990},
  publisher={MathWorks Incorporated}
}

@book{de1978practical,
  title={A practical guide to splines},
  author={De Boor, Carl},
  volume={27},
  year={1978},
  publisher={Springer-Verlag New York},
  doi={10.1002/zamm.19800600129}
}

@inproceedings{d2019developing,
  title={Developing an Entry Guidance and Control Design Capability Using Flaps for the Lifting {Nano-ADEPT}},
  author={D'Souza, Sarah N and Okolo, Wendy and Nikaido, Ben and Yount, Bryan and Tran, Jason and Margolis, Benjamin and Smith, Brandon and Cassell, Alan and Johnson, Breanna and Hibbard, Kenneth and others},
  booktitle={AIAA Aviation 2019 Forum},
  pages={2901},
  year={2019},
  doi={10.2514/6.2019-2901}
}

@inproceedings{margolis2019control,
  title={Control and Simulation of a Deployable Entry Vehicle with Aerodynamic Control Surfaces},
  author={Margolis, Benjamin WL and Okolo, Wendy A and Nikaido, Ben and Barton, Jeffrey D and D'Souza, Sarah N},
  booktitle={AAS/AIAA Astrodynamics Specialist Conference, Portland, ME},
  year={2019}
}

@inproceedings{daveml,
  title={Flight dynamic model exchange using {XML}},
  author={Jackson, E Bruce and Hildreth, Bruce},
  booktitle={AIAA Modeling and Simulation Technologies Conference and Exhibit},
  pages={4482},
  year={2002},
  doi={10.2514/6.2002-4482}
}
