@article{Taylor2016
    author = {Taylor, J. V. and Miller, R. J.},
    title = "{Competing Three-Dimensional Mechanisms in Compressor Flows}",
    journal = {J. Turbomach.},
    volume = {139},
    number = {2},
    year = {2016},
    doi = {10.1115/1.4034685},
}

@proceedings{Clark2019,
    author = {Clark, Christopher J.},
    title = "{A Step Towards an Intelligent Aerodynamic Design Process}",
    volume = {Volume 2C: Turbomachinery},
    series = {Turbo Expo: Power for Land, Sea, and Air},
    year = {2019},
    doi = {10.1115/GT2019-91637},
    note = {V02CT41A033},
}


@article{Kulfan2008,
    author = {Kulfan, Brenda M.},
    title = "{Universal Parametric Geometry Representation Method}",
    journal = {J. Aircr.},
    volume = {45},
    number = {1},
    pages = {142-158},
    year = {2008},
    doi = {10.2514/1.29958},
}"

@phdthesis{Kaufmann2020,
  doi = {10.17863/CAM.81122},
  author = {Kaufmann,  Shaun Michael},
  title = "{A Unified Turbine Preliminary Design Study}",
  year = {2022},
  school = {University of Cambridge},
}

@article{Coull2013,
    author = {Coull, John D. and Hodson, Howard P.},
    title = "{Blade Loading and Its Application in the Mean-Line Design of Low Pressure Turbines}",
    journal = {J. Turbomach},
    volume = {135},
    number = {2},
    year = {2012},
    doi = {10.1115/1.4006588},
}

@Article{Brandvik2011,
  author    = {Brandvik, T. and Pullan, G.},
  title     = {{"An Accelerated 3D Navier--Stokes Solver for Flows in Turbomachines"}},
  journal   = {J.\ Turbomach.},
  year      = {2011},
  volume    = {133},
  number    = {2},
  doi       = {10.1115/1.4001192}
}

@article{Denton2017,
  title = {{"Multall---An Open Source,  Computational Fluid Dynamics Based,  Turbomachinery Design System"}},
  volume = {139},
  DOI = {10.1115/1.4037819},
  number = {12},
  journal = {J. Turbomach.},
  author = {Denton,  J.D.},
  year = {2017}
}

@article{Denton1992,
  title = {{"The Calculation of Three-Dimensional Viscous Flow Through Multistage Turbomachines"}},
  volume = {114},
  DOI = {10.1115/1.2927983},
  number = {1},
  journal = {J. of Turbomach.},
  author = {Denton,  J. D.},
  year = {1992},
  pages = {18â€“26}
}

@article{Brind2024,
  title = {{Data-Driven Radial Compressor Design Space Mapping}},
  volume = {147},
  DOI = {10.1115/1.4066229},
  number = {2},
  journal = {J. Turbomach.},
  author = {Brind,  J.},
  year = {2024}
}


@article{TorresGomez2025,
    author = {A. Torres-Gomez, J. Brind, and G. Pullan},
    title = {{Cryogenic Radial Turbine Design for High-Efficiency Hydrogen Liquefaction Plants}},
    journal = {ASME Turbo Expo},
    year = {2025},
}
