@article{Taylor2016
    author = {Taylor, J. V. and Miller, R. J.},
    title = "{Competing Three-Dimensional Mechanisms in Compressor Flows}",
    journal = {J. Turbomach.},
    volume = {139},
    number = {2},
    year = {2016},
    doi = {10.1115/1.4034685},
}

@proceedings{Clark2019,
    author = {Clark, Christopher J.},
    title = "{A Step Towards an Intelligent Aerodynamic Design Process}",
    volume = {Volume 2C: Turbomachinery},
    series = {Turbo Expo: Power for Land, Sea, and Air},
    year = {2019},
    doi = {10.1115/GT2019-91637},
    note = {V02CT41A033},
}


@article{Kulfan2008,
    author = {Kulfan, Brenda M.},
    title = "{Universal Parametric Geometry Representation Method}",
    journal = {J. Aircr.},
    volume = {45},
    number = {1},
    pages = {142-158},
    year = {2008},
    doi = {10.2514/1.29958},
}"

@phdthesis{Kaufmann2020,
  doi = {10.17863/CAM.81122},
  author = {Kaufmann,  Shaun Michael},
  title = "{A Unified Turbine Preliminary Design Study}",
  year = {2022},
  school = {University of Cambridge},
}

@article{Coull2013,
    author = {Coull, John D. and Hodson, Howard P.},
    title = "{Blade Loading and Its Application in the Mean-Line Design of Low Pressure Turbines}",
    journal = {J. Turbomach},
    volume = {135},
    number = {2},
    year = {2012},
    doi = {10.1115/1.4006588},
}

@Article{Brandvik2011,
  author    = {Brandvik, Tobias and Pullan, Graham},
  title     = {{An Accelerated 3D Navier--Stokes Solver for Flows in Turbomachines}},
  journal   = {J.\ Turbomach.},
  year      = {2011},
  volume    = {133},
  number    = {2}
}

@article{Lorensen1987,
  title = {Marching cubes: A high resolution 3D surface construction algorithm},
  volume = {21},
  url = {http://dx.doi.org/10.1145/37402.37422},
  DOI = {10.1145/37402.37422},
  number = {4},
  journal = {ACM SIGGRAPH Computer Graphics},
  author = {Lorensen,  William E. and Cline,  Harvey E.},
  year = {1987},
  pages = {163â€“169}
}
